%% Created by Gaurav Sood for Quantitative Discipline
%% In Alphabetical Order of Keys

@article{beyth1982probable,
  title={How probable is probable? A numerical translation of verbal probability expressions},
  author={Beyth-Marom, Ruth},
  journal={Journal of forecasting},
  volume={1},
  number={3},
  pages={257--269},
  year={1982},
  publisher={Wiley Online Library}
}

@inproceedings{bocklisch2010role,
  title={The role of vagueness in the numerical translation of verbal probabilities: A fuzzy approach},
  author={Bocklisch, Franziska and Bocklisch, Steffen F and Baumann, Martin RK and Scholz, Agnes and Krems, Josef F},
  booktitle={Proceedings of the 32nd Annual Conference of the Cognitive Science Society},
  pages={1974--1979},
  year={2010}
}

@article{brun1988verbal,
  title={Verbal probabilities: ambiguous, context-dependent, or both?},
  author={Brun, Wibecke and Teigen, Karl Halvor},
  journal={Organizational Behavior and Human Decision Processes},
  volume={41},
  number={3},
  pages={390--404},
  year={1988},
  publisher={Elsevier}
}

@article{capriotti2011miscommunication,
  title={Miscommunication of uncertainties in financial statements: a study of preparers and users},
  author={Capriotti, Kim and Waldrup, Bobby E},
  journal={Journal of Business \& Economics Research (JBER)},
  volume={3},
  number={1},
  year={2011}
}

@article{elsaesser2013much,
  title={How Much More Probable is" Much More Probable"? Verbal Expressions for Probability Updates},
  author={Elsaesser, Christopher and Henrion, Max},
  journal={arXiv preprint arXiv:1304.1501},
  year={2013}
}

@article{gelman2011causality,
  title={Causality and Statistical Learning1},
  author={Gelman, Andrew},
  journal={American Journal of Sociology},
  volume={117},
  number={3},
  pages={955--966},
  year={2011},
  publisher={JSTOR}
}

@article{gelman2013philosophy,
  title={Philosophy and the practice of Bayesian statistics},
  author={Gelman, Andrew and Shalizi, Cosma Rohilla},
  journal={British Journal of Mathematical and Statistical Psychology},
  volume={66},
  number={1},
  pages={8--38},
  year={2013},
  publisher={Wiley Online Library}
}

@article{harrison1989judging,
  title={Judging the probability of a contingent loss: An empirical study},
  author={Harrison, Kenneth E and Tomassini, Lawrence A},
  journal={Contemporary Accounting Research},
  volume={5},
  number={2},
  pages={642--648},
  year={1989},
  publisher={Wiley Online Library}
}

@article{kalesan2016firearm,
  title={Firearm legislation and firearm mortality in the USA: a cross-sectional, state-level study},
  author={Kalesan, Bindu and Mobily, Matthew E and Keiser, Olivia and Fagan, Jeffrey A and Galea, Sandro},
  journal={The Lancet},
  volume={387},
  number={10030},
  pages={1847--1855},
  year={2016},
  publisher={Elsevier}
}

@article{khanna2015,
  title={Motivated Learning or Motivated Responding? Using Incentives to Distinguish Between the Two Processes},
  author={Khanna, Kabir and Sood, Gaurav},
  journal={Typescript},
  year={2015}
}

@article{nelson1997effect,
  title={The effect of ambiguity on loss contingency reporting judgments},
  author={Nelson, Mark W and Kinney Jr, William R},
  journal={Accounting Review},
  pages={257--274},
  year={1997},
  publisher={JSTOR}
}

@article{nickerson1998confirmation,
  title={Confirmation bias: A ubiquitous phenomenon in many guises.},
  author={Nickerson, Raymond S},
  journal={Review of general psychology},
  volume={2},
  number={2},
  pages={175},
  year={1998},
  publisher={Educational Publishing Foundation}
}

@article{pasek2015,
	Author = {Pasek, Josh and Sood, Gaurav and Krosnick, Job},
	Journal = {Journal of Communication},
	Title = {Misinformed About the Affordable Care Act? Leveraging Certainty to Assess the Prevalence of Misinformation},
	Year = {2015}}

@article{simpson1944specific,
  title={The specific meanings of certain terms indicating differing degrees of frequency},
  author={Simpson, Ray H},
  year={1944},
  publisher={Taylor \& Francis}
}

@article{simpson1963stability,
  title={Stability in meanings for quantitative terms: A comparison over 20 years},
  author={Simpson, Ray H},
  journal={Quarterly Journal of Speech},
  volume={49},
  number={2},
  pages={146--151},
  year={1963},
  publisher={Taylor \& Francis}
}

@article{stroud2008,
  title={Media use and political predispositions: Revisiting the concept of selective exposure},
  author={Stroud, Natalie Jomini},
  journal={Political Behavior},
  volume={30},
  number={3},
  pages={341--366},
  year={2008},
  publisher={Springer}
}

@article{tomz2009electoral,
  title={The electoral implications of candidate ambiguity},
  author={Tomz, Michael and Van Houweling, Robert P},
  journal={American Political Science Review},
  volume={103},
  number={01},
  pages={83--98},
  year={2009},
  publisher={Cambridge Univ Press}
}

@article{wallsten1986measuring,
  title={Measuring the vague meanings of probability terms.},
  author={Wallsten, Thomas S and Budescu, David V and Rapoport, Amnon and Zwick, Rami and Forsyth, Barbara},
  journal={Journal of Experimental Psychology: General},
  volume={115},
  number={4},
  pages={348},
  year={1986},
  publisher={American Psychological Association}
}

@article{wallsten1986base,
  title={Base rate effects on the interpretations of probability and frequency expressions},
  author={Wallsten, Thomas S and Fillenbaum, Samuel and Cox, James A},
  journal={Journal of Memory and Language},
  volume={25},
  number={5},
  pages={571--587},
  year={1986},
  publisher={Elsevier}
}

@article{wallsten1993preferences,
  title={Preferences and reasons for communicating probabilistic information in verbal or numerical terms},
  author={Wallsten, Thomas S and Budescu, David V and Zwick, Rami and Kemp, Steven M},
  journal={Bulletin of the Psychonomic Society},
  volume={31},
  number={2},
  pages={135--138},
  year={1993},
  publisher={Springer}
}

@article{wright1994much,
  title={How much is `quite a bit'? Mapping between numerical values and vague quantifiers},
  author={Wright, Daniel B and Gaskell, George D and O'Muircheartaigh, Colm A},
  journal={Applied Cognitive Psychology},
  volume={8},
  number={5},
  pages={479--496},
  year={1994},
  publisher={Wiley Online Library}
}